[gd_scene load_steps=9 format=2]

[ext_resource path="res://assets/characters/player2/idle.png" type="Texture" id=1]
[ext_resource path="res://scenes/player/Player.gd" type="Script" id=2]
[ext_resource path="res://themes/status_bar.tres" type="Theme" id=3]

[sub_resource type="RectangleShape2D" id=1]
extents = Vector2( 11, 4 )

[sub_resource type="StyleBoxFlat" id=4]
bg_color = Color( 0.760784, 0.298039, 0.298039, 1 )
border_width_left = 1
border_width_top = 1
border_width_bottom = 1
border_color = Color( 0, 0, 0, 0 )

[sub_resource type="StyleBoxFlat" id=3]
bg_color = Color( 0.4, 0.545098, 0.65098, 1 )
border_width_left = 1
border_width_top = 1
border_width_bottom = 1
border_color = Color( 0, 0, 0, 0 )

[sub_resource type="StyleBoxFlat" id=5]
bg_color = Color( 0.74902, 0.639216, 0.203922, 1 )
border_width_left = 1
border_width_top = 1
border_width_bottom = 1
border_color = Color( 0, 0, 0, 0 )

[sub_resource type="StyleBoxFlat" id=6]
bg_color = Color( 0.301961, 0.254902, 1, 1 )
border_width_left = 1
border_width_top = 1
border_width_bottom = 1
border_color = Color( 0, 0, 0, 0 )

[node name="Player" type="KinematicBody2D"]
script = ExtResource( 2 )

[node name="Character" type="Sprite" parent="."]
position = Vector2( 0, -32 )
texture = ExtResource( 1 )

[node name="CollisionShape2D" type="CollisionShape2D" parent="."]
position = Vector2( 0, -4 )
z_index = 1
shape = SubResource( 1 )

[node name="Camera2D" type="Camera2D" parent="."]
current = true

[node name="Timer" type="Timer" parent="."]
process_mode = 0
wait_time = 0.1
autostart = true

[node name="ActionHint" type="Label" parent="."]
visible = false
margin_left = -72.0
margin_top = -90.0
margin_right = -26.0
margin_bottom = -76.0
text = "Press E"

[node name="Control" type="Control" parent="."]
anchor_left = 0.5
anchor_top = 0.5
anchor_right = 0.5
anchor_bottom = 0.5
margin_left = -480.0
margin_top = -270.0
margin_right = 480.0
margin_bottom = 270.0

[node name="FPS" type="Label" parent="Control"]
margin_left = 8.0
margin_top = 9.0
margin_right = 48.0
margin_bottom = 23.0
text = "FPS"

[node name="Status" type="Control" parent="Control"]
anchor_left = 1.0
anchor_right = 1.0
margin_left = -216.0
margin_bottom = 74.0

[node name="HealthBar" type="ProgressBar" parent="Control/Status"]
anchor_left = 0.1
anchor_right = 0.9
margin_top = 10.0
margin_bottom = 18.0
theme = ExtResource( 3 )
custom_styles/fg = SubResource( 4 )
value = 100.0
percent_visible = false

[node name="StaminaBar" type="ProgressBar" parent="Control/Status"]
anchor_left = 0.1
anchor_right = 0.9
margin_top = 19.0
margin_bottom = 27.0
theme = ExtResource( 3 )
custom_styles/fg = SubResource( 3 )
value = 100.0
percent_visible = false

[node name="FoodBar" type="ProgressBar" parent="Control/Status"]
anchor_left = 0.1
anchor_right = 0.9
margin_top = 28.0
margin_bottom = 36.0
theme = ExtResource( 3 )
custom_styles/fg = SubResource( 5 )
value = 100.0
percent_visible = false

[node name="WaterBar" type="ProgressBar" parent="Control/Status"]
anchor_left = 0.1
anchor_right = 0.9
margin_top = 37.0
margin_bottom = 45.0
theme = ExtResource( 3 )
custom_styles/fg = SubResource( 6 )
value = 100.0
percent_visible = false

[connection signal="timeout" from="Timer" to="." method="_on_Timer_timeout"]
